@Article{         feilhauer2016def,
  title         = {DEF-a programming language agnostic framework and
                  execution environment for the parallel execution of library
                  routines},
  author        = {Feilhauer, Thomas and Sobotka, Martin},
  journal       = {Journal of Cloud Computing},
  volume        = {5},
  number        = {1},
  pages         = {20},
  year          = {2016},
  publisher     = {Springer Berlin Heidelberg}
}


@inproceedings{Fielding:2000:PDM:337180.337228,
  author = {Fielding, Roy T. and Taylor, Richard N.},
  title = {Principled Design of the Modern Web Architecture},
  booktitle = {Proceedings of the 22Nd International Conference on Software Engineering},
  series = {ICSE '00},
  year = {2000},
  isbn = {1-58113-206-9},
  location = {Limerick, Ireland},
  pages = {407--416},
  numpages = {10},
  url = {http://doi.acm.org/10.1145/337180.337228},
  doi = {10.1145/337180.337228},
  acmid = {337228},
  publisher = {ACM},
  address = {New York, NY, USA},
  keywords = {WWW, software architectural style, software architecture},
} 

@article{DeRemer:1975:PLV:390016.808431,
  author = {DeRemer, Frank and Kron, Hans},
  title = {Programming-in-the Large Versus Programming-in-the-small},
  journal = {SIGPLAN Not.},
  issue_date = {June 1975},
  volume = {10},
  number = {6},
  month = apr,
  year = {1975},
  issn = {0362-1340},
  pages = {114--121},
  numpages = {8},
  url = {http://doi.acm.org/10.1145/390016.808431},
  doi = {10.1145/390016.808431},
  acmid = {808431},
  publisher = {ACM},
  address = {New York, NY, USA},
  keywords = {Accessibility, External name, Information hiding, Linking, Module interconnection language, Project management tool., Protection, Scope of definition, System hierarchy, Virtual machine, Visibility},
} 

@inproceedings{gunawan2017chimera,
  title         = {Chimera - Simple language agnostic framework for stand alone and distributed computing},
  author        = {Gunawan, Go Frendi and Palandi, Jozua Ferjanus and Amien, Mukhlis},
  booktitle     = {Computer Applications and Information Processing Technology (CAIPT), 2017 4th International Conference on},
  pages         = {144--153},
  year          = {2017},
  organization  = {IEEE}
}

@Article{henning2006rise,
  title         = {The rise and fall of CORBA},
  author        = {Henning, Michi},
  journal       = {Queue},
  volume        = {4},
  number        = {5},
  pages         = {28--34},
  year          = {2006},
  publisher     = {ACM}
}

@Article{         hadar2013intuition,
  title         = {When intuition and logic clash: The case of the
                  object-oriented paradigm},
  author        = {Hadar, Irit},
  journal       = {Science of Computer Programming},
  volume        = {78},
  number        = {9},
  pages         = {1407--1426},
  year          = {2013},
  publisher     = {Elsevier}
}

@Article{         kaur2010component,
  title         = {Component based software engineering},
  author        = {Kaur, Arvinder and Mann, Kulvinder Singh},
  journal       = {International Journal of Computer Applications},
  volume        = {2},
  number        = {1},
  pages         = {105--108},
  year          = {2010},
  publisher     = {International Journal of Computer Applications, 244 5 th
                  Avenue,\# 1526, New York, NY 10001, USA India}
}

@InProceedings{   mcilroy1968mass,
  title         = {Mass-produced software components},
  author        = {McIlroy, M Douglas and Buxton, J and Naur, Peter and
                  Randell, Brian},
  booktitle     = {Proceedings of the 1st International Conference on
                  Software Engineering, Garmisch Pattenkirchen, Germany},
  pages         = {88--98},
  year          = {1968}
}

@inproceedings{lei2014performance,
  title={Performance comparison and evaluation of web development technologies in php, python, and node. js},
  author={Lei, Kai and Ma, Yining and Tan, Zhi},
  booktitle={Computational Science and Engineering (CSE), 2014 IEEE 17th International Conference on},
  pages={661--668},
  year={2014},
  organization={IEEE}
}

@Misc{            conway2003parallel,
  title         = {Parallel Processing on the Cheap: Using Unix Pipes to Run
                  SAS Programs in Parallel. SAS Users Group International
                  (SUGI 28) Proceedings. March 30--April 2, 2003. Seattle,
                  Washington},
  author        = {Conway, Ted},
  year          = {2003}
}

@Misc{            nodejs,
  title         = {Node.js},
  author        = {Node.js Foundation},
  howpublished  = {\url{https://nodejs.org/en/}},
  note          = {Accessed: 2018-04-30}
}

@Misc{            beakernotebook,
  title         = {Beaker Notebook},
  author        = {Two Sigma Open Source, LLC ("TSOS")},
  howpublished  = {\url{http://beakernotebook.com/index}},
  note          = {Accessed: 2018-04-30}
}

@Misc{            xmlrpc,
  title         = {XML-RPC.com},
  author        = {UserLand Software, Inc.},
  howpublished  = {\url{http://xmlrpc.scripting.com}},
  note          = {Accessed: 2018-04-30}
}

@Misc{            grpc,
  title         = {grpc.io},
  author        = {Google, Inc.},
  howpublished  = {\url{https://grpc.io}},
  note          = {Accessed: 2018-04-30}
}

@Misc{            jsonrpc,
  title         = {JSON-RPC},
  author        = {Trac},
  howpublished  = {\url{http://json-rpc.org}},
  note          = {Accessed: 2018-04-30}
}

@Misc{            rails,
  title         = {Ruby on Rails | A web-application framework that includes everything needed to create database-backed web applications according to the Model-View-Controller (MVC) pattern.},
  author        = {David Heinemeier Hansson},
  howpublished  = {\url{https://rubyonrails.org}},
  note          = {Accessed: 2018-04-30}
}

@Misc{            django,
  title         = {The Web framework for perfectionists with deadlines | Django},
  author        = {Django Software Foundation},
  howpublished  = {\url{https://djangoproject.org}},
  note          = {Accessed: 2018-04-30}
}

@Misc{            laravel,
  title         = {Laravel - The PHP Framework For Web Artisans},
  author        = {Taylor Otwell},
  howpublished  = {\url{https://laravel.com}},
  note          = {Accessed: 2018-04-30}
}

@Misc{            vendorlock,
  title         = {What Is Software Vendor Lock-In? (And How to Avoid It)},
  author        = {Bertel King. Jr.},
  howpublished  = {\url{https://www.makeuseof.com/tag/software-vendor-lock-avoid}},
  note          = {Accessed: 2018-04-30}
}

@Misc{            soavsmicroservice,
  title         = {SOA versus Microservices?},
  author        = {Mark Little},
  howpublished  = {\url{https://www.infoq.com/news/2015/12/soa-v-microservices}},
  note          = {Accessed: 2018-04-30}
}

@Misc{            orchestrationvschoreography,
  title         = {Orchestration Vs Choreography},
  author        = {John Spacey},
  howpublished  = {\url{https://simplicable.com/new/orchestration-vs-choreography}},
  note          = {Accessed: 2018-04-30}
}

@Misc{            corbaspec,
  title         = {CORBA},
  author        = {Object Management Group},
  howpublished  = {\url{http://www.omg.org/spec/CORBA/}},
  note          = {Accessed: 2018-04-30}
}

@Misc{            corba,
  title         = {CORBA},
  author        = {Object Management Group},
  howpublished  = {\url{http://www.corba.org/}},
  note          = {Accessed: 2018-04-30}
}

@Misc{            yaml,
  title         = {The Official YAML Website},
  author        = {Clark C. Evans},
  howpublished  = {\url{http://yaml.org/}},
  note          = {Accessed: 2018-04-30}
}

@Misc{            json,
  title         = {JSON},
  author        = {ECMA International},
  howpublished  = {\url{http://json.org/}},
  note          = {Accessed: 2018-04-30}
}

@Misc{            briefHistoryOfSoap,
  title         = {A Simple C++ Client/Server in CORBA},
  author        = {Carlos Jim√©nez de Parga},
  howpublished  = {\url{https://www.codeproject.com/articles/24863/a-simple-c-client-server-in-corba}},
  note          = {Accessed: 2018-04-30}
}

@Misc{            briefHistoryOfSoap,
  title         = {A Brief History of SOAP},
  author        = {Don Box},
  howpublished  = {\url{http://www.xml.com/pub/a/ws/2001/04/04/soap.html}},
  note          = {Accessed: 2018-04-30}
}

@Misc{            soap,
  title         = {SOAP Version 1.2},
  author        = {W3C XML Protocol Working Group},
  howpublished  = {\url{https://www.w3.org/TR/soap12}},
  note          = {Accessed: 2018-04-30}
}

@Misc{            dos7command,
  title         = {DOS 7 Command},
  author        = {Bob Watson},
  howpublished  = {\url{http://www.lagmonster.org/docs/ DOS7/pipes.html}},
  note          = {Accessed: 2018-05-19}
}

@Article{         prechelt2000empirical,
  title         = {An empirical comparison of seven programming languages},
  author        = {Prechelt, Lutz},
  journal       = {Computer},
  volume        = {33},
  number        = {10},
  pages         = {23--29},
  year          = {2000},
  publisher     = {IEEE}
}
